@inproceedings{DamasM1982,
  title={Principal type-schemes for functional programs},
  author={Damas, Luis and Milner, Robin},
  booktitle={Principles of Programming Languages ({POPL})},
  pages={207--212},
  year={1982}
}

@inproceedings{hassan2018maxsmt,
  title={{MaxSMT}-based type inference for {Python} 3},
  author={Hassan, Mostafa and Urban, Caterina and Eilers, Marco and M{\"u}ller, Peter},
  booktitle={International Conference on Computer Aided Verification (CAV)},
  pages={12--19},
  year={2018},
  organization={Springer}
}

@inproceedings{xu2016python,
  title={Python probabilistic type inference with natural language support},
  author={Xu, Zhaogui and Zhang, Xiangyu and Chen, Lin and Pei, Kexin and Xu, Baowen},
  booktitle={Joint European Software Engineering Conference and Symposium on Foundations of Software Engineering (ESEC/FSE)},
  pages={607--618},
  year={2016}
}

@inproceedings{peng2022static,
  title={Static inference meets deep learning: a hybrid type inference approach for {Python}},
  author={Peng, Yun and Gao, Cuiyun and Li, Zongjie and Gao, Bowei and Lo, David and Zhang, Qirun and Lyu, Michael},
  booktitle={International Conference on Software Engineering (ICSE)},
  pages={2019--2030},
  year={2022}
}

@inproceedings{coblenz2017glacier,
  title={Glacier: Transitive class immutability for {Java}},
  author={Coblenz, Michael and Nelson, Whitney and Aldrich, Jonathan and Myers, Brad and Sunshine, Joshua},
  booktitle={International Conference on Software Engineering (ICSE)},
  pages={496--506},
  year={2017},
  organization={IEEE}
}
